@book{mitra2006digital,
  title={Digital signal processing: a computer-based approach},
  author={Mitra, Sanjit Kumar and Kuo, Yonghong},
  publisher={McGraw-Hill New York},
  volume={2},
  year={2006}
}
@inproceedings{valcarce2016additive,
  title={Additive Smoothing for Relevance-Based Language Modelling of Recommender Systems},
  author={Valcarce, Daniel and Parapar, Javier and Barreiro, {\'A}lvaro},
  booktitle={Proceedings of the 4th Spanish Conference on Information Retrieval},
  pages={9},
  year={2016},
  organization={ACM}
}
@book{friedman2001elements,
  title={The elements of statistical learning},
  author={Friedman, Jerome and Hastie, Trevor and Tibshirani, Robert},
  volume={1},
  year={2001},
  publisher={Springer series in statistics Springer, Berlin}
}

@article{cleveland1979robust,
  title={Robust locally weighted regression and smoothing scatterplots},
  author={Cleveland, William S},
  journal={Journal of the American statistical association},
  volume={74},
  number={368},
  pages={829--836},
  year={1979},
  publisher={Taylor \& Francis Group}
}

@incollection{cleveland1996smoothing,
  title={Smoothing by local regression: Principles and methods},
  author={Cleveland, William S and Loader, Clive},
  booktitle={Statistical theory and computational aspects of smoothing},
  pages={10--49},
  year={1996},
  publisher={Springer}
}

@article{hunter1986exponentially,
  title={The exponentially weighted moving average.},
  author={Hunter, J Stuart},
  journal={J. Quality Technol.},
  volume={18},
  number={4},
  pages={203--210},
  year={1986}
}

@article{stefaniak2015effectiveness,
  title={An Effectiveness Indicator for a Mining Loader Based on the Pressure Signal Measured at a Bucket's Hydraulic Cylinder},
  author={Stefaniak, Pawel and Zimroz, Radoslaw and Obuchowski, Jakub and Sliwinski, Pawel and Andrzejewski, Marek},
  journal={Procedia Earth and Planetary Science},
  volume={15},
  pages={797--805},
  year={2015},
  publisher={Elsevier}
}
@article{cui2013production,
  title={Production and maintenance performance analysis: manual versus semi-automatic LHDs},
  author={Cui, Li-Rong and Hayakawa, Yu and Gustafson, Anna and Schunnesson, H{\aa}kan and Galar, Diego and Kumar, Uday},
  journal={Journal of Quality in Maintenance Engineering},
  volume={19},
  number={1},
  pages={74--88},
  year={2013},
  publisher={Emerald Group Publishing Limited}
}

@article{gustafson2014development,
  title={Development of a Markov model for production performance optimisation. Application for semi-automatic and manual LHD machines in underground mines},
  author={Gustafson, Anna and Lipsett, Michael and Schunnesson, H{\aa}kan and Galar, Diego and Kumar, Uday},
  journal={International Journal of Mining, Reclamation and Environment},
  volume={28},
  number={5},
  pages={342--355},
  year={2014},
  publisher={Taylor \& Francis}
}
@article{gustafson2013influence,
  title={The influence of the operating environment on manual and automated load-haul-dump machines: a fault tree analysis},
  author={Gustafson, Anna and Schunnesson, H{\aa}kan and Galar, Diego and Kumar, Uday},
  journal={International Journal of Mining, Reclamation and Environment},
  volume={27},
  number={2},
  pages={75--87},
  year={2013},
  publisher={Taylor \& Francis}
}

@incollection{stefaniak2016multidimensional,
  title={Multidimensional signal analysis for technical condition, operation and performance understanding of heavy duty mining machines},
  author={Stefaniak, Pawel K and Zimroz, Radoslaw and Sliwinski, Pawel and Andrzejewski, Marek and Wy{\l}omanska, Agnieszka},
  booktitle={Advances in Condition Monitoring of Machinery in Non-Stationary Operations},
  pages={197--210},
  year={2016},
  publisher={Springer}
}

@incollection{wylomanska2015analysis,
  title={The analysis of stochastic signal from LHD mining machine},
  author={Wy{\l}oma{\'n}ska, Agnieszka and Zimroz, Rados{\l}aw},
  booktitle={Stochastic Models, Statistics and Their Applications},
  pages={469--478},
  year={2015},
  publisher={Springer}
}
@article{gajda2016subordinated,
  title={Subordinated continuous-time AR processes and their application to modeling behavior of mechanical system},
  author={Gajda, Janusz and Wy{\l}oma{\'n}ska, Agnieszka and Zimroz, Rados{\l}aw},
  journal={Physica A: Statistical Mechanics and its Applications},
  volume={464},
  pages={123--137},
  year={2016},
  publisher={Elsevier}
}

@article{wylomanska2014signal,
  title={Signal segmentation for operational regimes detection of heavy duty mining mobile machines -- a statistical approach},
  author={Wy{\l}oma{\'n}ska, Agnieszka and Zimroz, Rados{\l}aw},
  journal={Diagnostyka},
  number={2},
  volume={15},
  year={2014}
}

@inproceedings{mpolak,
  title={Identification of loading process based on hydraulic pressure signal},
  author={Polak, Marta and Stefaniak, Pawe{\l} and Zimroz, Rados[\l]aw and Wy{\l}oma{\'n}ska, Agnieszka and {\'S}liwi{\'n}ski, Pawe{\l} and Andrzejewski, Marek},
  booktitle={The conference proceedings of 16th International multidisciplinary scientific geoconference SGEM 2016},
  pages={459--466},
  year={2016},
  organization={SGEM},
  publisher={STEF92 Technology Ltd.}
}
@article{wodeckicondition,
  title={CONDITION MONITORING OF LOADING-HAULAGE-DUMPING MACHINES BASED ON LONG-TERM ANALYSIS OF TEMPERATURE DATA},
  author={Wodecki, Jacek and Stefaniak, Pawel K and Sliwinski, Pawel and Andrzejewski, Marek},
  journal={SGEM2016 Conference Proceedings},
  volume={2},
  pages={157--164},
  year={2016}
}